<record><leader>00000cas a2200000 a 4500</leader><controlfield tag="001">26152953</controlfield><controlfield tag="008">920709d18821uuuiluwr ne      0   a0eng c</controlfield><datafield ind1=" " ind2=" " tag="010"><subfield code="a">sn 92053303 </subfield></datafield><datafield ind1=" " ind2=" " tag="040"><subfield code="a">NVF</subfield><subfield code="b">eng</subfield><subfield code="c">NVF</subfield><subfield code="d">NVF</subfield><subfield code="d">OCLCF</subfield><subfield code="d">NVF</subfield><subfield code="d">OCLCO</subfield><subfield code="d">NVF</subfield></datafield><datafield ind1=" " ind2=" " tag="042"><subfield code="a">pcc</subfield></datafield><datafield ind1=" " ind2=" " tag="043"><subfield code="a">n-us-il</subfield></datafield><datafield ind1="0" ind2=" " tag="130"><subfield code="a">Press and people (Galesburg, Ill.)</subfield></datafield><datafield ind1="1" ind2="0" tag="245"><subfield code="a">Press and people.</subfield></datafield><datafield ind1=" " ind2=" " tag="260"><subfield code="a">Galesburg, Ill. :</subfield><subfield code="b">M.S. &amp; W.B. Barnes</subfield></datafield><datafield ind1=" " ind2=" " tag="300"><subfield code="a">v.</subfield></datafield><datafield ind1=" " ind2=" " tag="310"><subfield code="a">Weekly</subfield></datafield><datafield ind1="1" ind2=" " tag="362"><subfield code="a">Began in 1882.</subfield></datafield><datafield ind1=" " ind2=" " tag="580"><subfield code="a">Formed by the union of: Galesburg press, and: Daily press (Galesburg, Ill.), and: Leader (Galesburg, Ill.).</subfield></datafield><datafield ind1=" " ind2=" " tag="588"><subfield code="a">Description based on: Press 13th year, no. 4 (July 8, 1882) = People 1st year, no. 4.</subfield></datafield><datafield ind1=" " ind2=" " tag="588"><subfield code="a">Latest issue consulted: Apr. 6, 1894.</subfield></datafield><datafield ind1=" " ind2="0" tag="651"><subfield code="a">Galesburg (Ill.)</subfield><subfield code="v">Newspapers.</subfield></datafield><datafield ind1=" " ind2="7" tag="651"><subfield code="a">Illinois</subfield><subfield code="z">Galesburg.</subfield><subfield code="2">fast</subfield><subfield code="0">(OCoLC)fst01202787</subfield></datafield><datafield ind1=" " ind2="7" tag="655"><subfield code="a">Newspapers.</subfield><subfield code="2">fast</subfield><subfield code="0">(OCoLC)fst01423814</subfield></datafield><datafield ind1=" " ind2=" " tag="752"><subfield code="a">United States</subfield><subfield code="b">Illinois</subfield><subfield code="c">Knox County</subfield><subfield code="d">Galesburg.</subfield></datafield><datafield ind1="1" ind2="4" tag="780"><subfield code="t">Galesburg press</subfield><subfield code="w">(DLC)sn 93056007</subfield><subfield code="w">(OCoLC)29235179</subfield></datafield><datafield ind1="1" ind2="4" tag="780"><subfield code="t">Daily press (Galesburg, Ill.)</subfield><subfield code="w">(DLC)sn 93056008</subfield><subfield code="w">(OCoLC)29235139</subfield></datafield><datafield ind1="1" ind2="4" tag="780"><subfield code="t">Leader (Galesburg, Ill.)</subfield></datafield><datafield ind1="1" ind2=" " tag="029"><subfield code="a">AU@</subfield><subfield code="b">000020743404</subfield></datafield></record>